@book{druzovec2010information,
  title={Information modelling and knowledge bases XXI},
  author={Družovec, Tatjana Welzer and Jaakkola, Hannu and Kiyoki, Yasushi and Tokuda, Takehiro and Yoshida, Naofumi},
  volume={206},
  year={2010},
  publisher={IOS Press}
}

@article{zazula2004processing,
  title={PROCESSING TECHNIQUES},
  author={Zazula, D and Karlsson, S and Doncarli, C},
  journal={Electromyography: Physiology, Engineering, and Non-Invasive Applications},
  volume={11},
  pages={259},
  year={2004},
  publisher={John Wiley \& Sons}
}

@article{jesenko2017two,
  title={Two-level Evolutionary Algorithm for Discovering Relations Between Nodes’ Features in a Complex Network},
  author={Jesenko, David and Mernik, Marjan and {\v{Z}}alik, Borut and Mongus, Domen},
  journal={Applied Soft Computing},
  year={2017},
  publisher={Elsevier}
}

@incollection{donaj2017speech,
  title={Speech Recognition in Inflective Languages},
  author={Donaj, Gregor and Ka{\v{c}}i{\v{c}}, Zdravko},
  booktitle={Language Modeling for Automatic Speech Recognition of Inflective Languages},
  pages={5--29},
  year={2017},
  publisher={Springer}
}